<?xml version="1.0" encoding="UTF-8"?><collection xmlns="http://www.loc.gov/MARC21/slim"><record><leader>00433nam--2200157-i-4500</leader><controlfield tag="001">000021893</controlfield><controlfield tag="002">20161230</controlfield><controlfield tag="005">20170105181949</controlfield><controlfield tag="008">060222s1000------------r-----000-0-eng-d</controlfield><datafield ind1=" " ind2=" " tag="100"><subfield code="a">Halmos, Paul R</subfield></datafield><datafield ind1=" " ind2=" " tag="245"><subfield code="a">Finite-dimensional vector space</subfield></datafield><datafield ind1=" " ind2=" " tag="260"><subfield code="a">New York</subfield><subfield code="b">D.Van Nostrand Co. Inc</subfield><subfield code="c">1958</subfield></datafield><datafield ind1=" " ind2=" " tag="300"><subfield code="a">VIII + 199 p</subfield></datafield><datafield ind1=" " ind2=" " tag="490"><subfield code="a">The Univ.Series In Undergraduate Mathematics</subfield></datafield><datafield ind1=" " ind2=" " tag="852"><subfield code="a">16005</subfield></datafield><datafield ind1=" " ind2=" " tag="CAT"><subfield code="a">SYS</subfield><subfield code="c">20170105</subfield><subfield code="h">181949</subfield></datafield></record></collection>